@BOOK{Epidemiologia,
  AUTHOR =		  {Roberto A. Medronho and Katia Vergetti Bloch and Ronir Raggio Luiz and Guilherme Loureiro Werneck},
  TITLE =		  {Epidemiologia},
  PUBLISHER =	  	  {Atheneu},
  YEAR =		  {2008},
  address =		  {Reading},
  edition =		  {2},
}

@BOOK{EpidemiologiaMatematica,
  AUTHOR =		  {Hyun Mo Yang},
  TITLE =		  {Epidemiologia Matemática - Estudo dos Efeitos da Vacinação em Doenças de Transmissão Direta},
  PUBLISHER =	  	  {Unicamp},
  YEAR =		  {2001},
  address =		  {Reading},
  edition =		  {1},
}

@BOOK{MathematicalEpidemiologyOfInfectiousDiseases,
  AUTHOR =		  {O. Diekmann and J. A. P. Heesterbeek},
  TITLE =		  {Mathematical Epidemiology Of Infectious Diseases - Model Building, Analysis and Interpretation},
  PUBLISHER =	  	  {Wiley},
  YEAR =		  {2000},
  address =		  {Reading},
  edition =		  {1},
}

@BOOK{EpidemicModelling,
  AUTHOR =		  {D. J. Daley and J. Gani},
  TITLE =		  {Epidemic Modelling - An Introduction},
  PUBLISHER =	  	  {Cambridge University},
  YEAR =		  {1999},
  address =		  {Reading},
  edition =		  {1},
}

@BOOK{ArtificialIntelligence,
  AUTHOR =		  {Stuart Russel and Peter Norvig},
  TITLE =		  {Artificial Intelligence - A Modern Approach},
  PUBLISHER =	  	  {Prentice Hall},
  YEAR =		  {2003},
  address =		  {Reading},
  edition =		  {2},
}

@MISC{IntelligentAgents,
  author =       {Michael Wooldridge},
  title =        {Intelligent Agents},
  howpublished = {Consultado na INTERNET: http://www.cs.ox.ac.uk/people/michael.wooldridge/pubs/mas99.pdf, 2016},
  year =         {2016},
}

@ARTICLE{IntelligentAgentsTheory,
  AUTHOR =		  {Michael Wooldridge and Nicholas R. Jennings},
  TITLE =		  {Intelligent Agents - Theory and Practice},
  JOURNAL =		  {The Knowledge Engineering Review},
  YEAR =		  {1995},
  volume =		  {10},
  number =		  {2},
  pages =		  {115-151},
  address =		  {England},
}